@article{lbv_fmg,
author = {Zhou, Dong and Liu, Tian and Spincemaille, Pascal and Wang, Yi},
year = {2014},
month = {03},
pages = {},
title = {Background field removal by solving the Laplacian boundary value problem},
volume = {27},
journal = {NMR in biomedicine},
doi = {10.1002/nbm.3064}
}

@article{pdf,
author = {Liu, Tian and Khalidov, Ildar and de Rochefort, Ludovic and Spincemaille, Pascal and Liu, Jing and Tsiouris, A. John and Wang, Yi},
title = {A novel background field removal method for MRI using projection onto dipole fields (PDF)},
journal = {NMR in Biomedicine},
volume = {24},
number = {9},
pages = {1129-1136},
keywords = {susceptibility, projection, dipole field, background removal},
doi = {10.1002/nbm.1670},
url = {https://onlinelibrary.wiley.com/doi/abs/10.1002/nbm.1670},
eprint = {https://onlinelibrary.wiley.com/doi/pdf/10.1002/nbm.1670},
year = {2011}
}


@article{neuroimage,
author = {Schweser, Ferdinand and Deistung, Andreas and Lehr, Berengar},
year = {2010},
month = {10},
pages = {2789-807},
title = {Quantitative imaging of intrinsic magnetic tissue properties using MRI signal phase: An approach to in vivo brain iron metabolism?},
volume = {54},
journal = {NeuroImage},
doi = {10.1016/j.neuroimage.2010.10.070}
}



@article{illustrated,
author = {Schweser, Ferdinand and Robinson, Simon Daniel and de Rochefort, Ludovic and Li, Wei and Bredies, Kristian},
title = {An illustrated comparison of processing methods for phase MRI and QSM: removal of background field contributions from sources outside the region of interest},
journal = {NMR in Biomedicine},
volume = {30},
number = {4},
pages = {e3604},
keywords = {QSM, susceptibility mapping, phase imaging, phase processing, review, background field removal},
doi = {10.1002/nbm.3604},
url = {https://onlinelibrary.wiley.com/doi/abs/10.1002/nbm.3604},
eprint = {https://onlinelibrary.wiley.com/doi/pdf/10.1002/nbm.3604},
note = {e3604 NBM-15-0314.R2},
year = {2017}
}


@article{bilgic1,
author = {Bilgic, Berkin and Fan, Audrey P. and Polimeni, Jonathan R. and Cauley, Stephen F. and Bianciardi, Marta and Adalsteinsson, Elfar and Wald, Lawrence L. and Setsompop, Kawin},
title = {Fast quantitative susceptibility mapping with L1-regularization and automatic parameter selection},
journal = {Magnetic Resonance in Medicine},
volume = {72},
number = {5},
pages = {1444-1459},
keywords = {Quantitative susceptibility mapping, Regularization, Total variation, L-curve},
doi = {10.1002/mrm.25029},
url = {https://onlinelibrary.wiley.com/doi/abs/10.1002/mrm.25029},
eprint = {https://onlinelibrary.wiley.com/doi/pdf/10.1002/mrm.25029},
year = {2014}
}


@article{milovich,
author = {Milovic, Carlos and Bilgic, Berkin and Zhao, Bo and Acosta-Cabronero, Julio and Tejos, Cristian},
title = {Fast nonlinear susceptibility inversion with variational regularization},
journal = {Magnetic Resonance in Medicine},
volume = {80},
number = {2},
pages = {814-821},
keywords = {nonlinear inversion, quantitative susceptibility mapping, total variation, augmented Lagrangian},
doi = {10.1002/mrm.27073},
url = {https://onlinelibrary.wiley.com/doi/abs/10.1002/mrm.27073},
eprint = {https://onlinelibrary.wiley.com/doi/pdf/10.1002/mrm.27073},
year = {2018}
}

@article{sharp,
title = "Background field removal technique based on non-regularized variable kernels sophisticated harmonic artifact reduction for phase data for quantitative susceptibility mapping",
journal = "Magnetic Resonance Imaging",
volume = "52",
pages = "94 - 101",
year = "2018",
issn = "0730-725X",
doi = "https://doi.org/10.1016/j.mri.2018.06.006",
url = "http://www.sciencedirect.com/science/article/pii/S0730725X18302169",
author = "Hirohito Kan and Nobuyuki Arai and Masahiro Takizawa and Kazuyoshi Omori and Harumasa Kasai and Hiroshi Kunitomo and Yasujiro Hirose and Yuta Shibamoto",
}

@inproceedings{bilgic2,
author = {Bilgic, Berkin and Chatnuntawech, Itthi and Langkammer, Christian and Setsompop, Kawin},
year = {2015},
month = {09},
pages = {},
title = {Sparse Methods for Quantitative Susceptibility Mapping},
doi = {10.1117/12.2188535}
}

@misc{fansi,
  title = {{FANSI}-toolbox},
  author = {Milovic, Carlos},
  howpublished = "\url{https://gitlab.com/cmilovic/FANSI-toolbox}",
  note = "[Online; accedido el \today]"
}



@misc{cib,
  title = {Centro de {I}mágenes {B}iom\'edicas {UC}},
  howpublished = "\url{https://www.mri.cl/}",
  note = "[Online; accedido el \today]"
}

@misc{github,
  author = {Catalán, Tabita},
  title = {Repositorio en {G}itHub: {QSM}-{B}ackground{R}emoval-{LVB}-{FEM}},
  howpublished = "\url{https://github.com/tabitaCatalan/QSM-BackgroundRemoval-LVB-FEM}",
  note = "[Online; accedido el \today]"
}

@misc{challenge,
  author = {Bilgic, Berkin},
  title = {Data and code for the {QSM} 2016 {R}econstruction {C}hallenge},
  howpublished = "\url{http://martinos.org/~berkin/software.html}",
  note = "[Online; accedido el \today]"
}

@misc{iso2mesh,
  title = {\texttt{iso2mesh} function list},
  howpublished = "\url{http://iso2mesh.sourceforge.net/cgi-bin/index.cgi?Doc/FunctionList}",
  note = "[Online; accedido el \today]"
}

@misc{solvers,
  title = {Working with linear solvers},
  howpublished = "\url{https://fenicsproject.org/pub/tutorial/html/._ftut1017.html}",
  note = "[Online; accedido el \today]"
}


@misc{mpirun,
  title = {Running programs with the \texttt{mpirun} Command},
  howpublished = "\url{https://docs.oracle.com/cd/E19708-01/821-1319-10/ExecutingPrograms.html}",
  note = "[Online; accedido el \today]"
}

@phdthesis{tesis,
    title = {Fast and robust reconstructions for quantitative susceptibility MRI measurements},
    author = {Milovic, Carlos},
    school = {Pontificia Universidad Católica de Chile, School of Engineering},
    year = {2018}
}
